
@misc{wikipedia_biseccion,
	author       = {{Wikipedia}},
	title        = {Método de bisección},
	howpublished = {\url{https://es.wikipedia.org/wiki/Método_de_bisección}},
	year         = {2024},
	note         = {Última edición: 25 dic 2024, 23:04. Consultado el 22 oct 2025},
	url          = {https://es.wikipedia.org/wiki/Método_de_bisección}
}

